<?xml version="1.0" encoding="UTF-8"?><collection xmlns="http://www.loc.gov/MARC21/slim"><record><leader>00403nam--2200145-i-4500</leader><controlfield tag="001">000022887</controlfield><controlfield tag="002">20161230</controlfield><controlfield tag="005">20161230201034</controlfield><controlfield tag="008">060222s1000------------r-----000-0-eng-d</controlfield><datafield ind1=" " ind2=" " tag="080"><subfield code="a">669.017.12</subfield></datafield><datafield ind1=" " ind2=" " tag="100"><subfield code="a">Hansen, Max</subfield></datafield><datafield ind1=" " ind2=" " tag="245"><subfield code="a">Constitution of binary alloys</subfield></datafield><datafield ind1=" " ind2=" " tag="260"><subfield code="a">New York, Mcgraw-hill Book Co., 1958. Xix + 1305 P</subfield></datafield><datafield ind1=" " ind2=" " tag="490"><subfield code="a">Metallurgy And Metallurgical Engineering Series</subfield></datafield><datafield ind1=" " ind2=" " tag="852"><subfield code="a">32842</subfield></datafield></record></collection>